
@phdthesis{jongmans,
  author    = "Sung-Shik Jongmans",
  title     = "Autamata-Theoretic Protocol Programming",
  school    = "Leiden University",
  year      = "2016"
}

@article{DBLP:journals/jisa/AsadollahSEH17,
  author    = {Sara Abbaspour Asadollah and
               Daniel Sundmark and
               Sigrid Eldh and
               Hans Hansson},
  title     = {Concurrency bugs in open source software: a case study},
  journal   = {J. Internet Services and Applications},
  volume    = {8},
  number    = {1},
  pages     = {4:1--4:15},
  year      = {2017}
}

@inproceedings{bernie,
  author    = {Bernie van Veen and
               Sung{-}Shik Jongmans},
  title     = {{Modular Programming of Synchronization and Communication \\ among Tasks in Parallel Program}},
  booktitle = {{HIPS}},
  -pages     = {},
  publisher = {{IEEE}},
  year      = {2018}
}

@inproceedings{DBLP:conf/popl/HondaYC08,
  author    = {Kohei Honda and
               Nobuko Yoshida and
               Marco Carbone},
  title     = {Multiparty asynchronous session types},
  booktitle = {{POPL}},
  pages     = {273--284},
  publisher = {{ACM}},
  year      = {2008}
}

@inproceedings{DBLP:conf/tgc/YoshidaHNN13,
  author    = {Nobuko Yoshida and
               Raymond Hu and
               Rumyana Neykova and
               Nicholas Ng},
  title     = {The Scribble Protocol Language},
  booktitle = {{TGC}},
  series    = {Lecture Notes in Computer Science},
  volume    = {8358},
  pages     = {22--41},
  publisher = {Springer},
  year      = {2013}
}

@article{DBLP:journals/scp/JongmansA16,
  author    = {Sung{-}Shik Jongmans and
               Farhad Arbab},
  title     = {Global consensus through local synchronization: {A} formal basis for
               partially-distributed coordination},
  journal   = {Sci. Comput. Program.},
  volume    = {115-116},
  pages     = {199--224},
  year      = {2016}
}

@inproceedings{DBLP:conf/fase/HuY17,
  author    = {Raymond Hu and
               Nobuko Yoshida},
  title     = {Explicit Connection Actions in Multiparty Session Types},
  booktitle = {{FASE}},
  series    = {Lecture Notes in Computer Science},
  volume    = {10202},
  pages     = {116--133},
  publisher = {Springer},
  year      = {2017}
}

@article{DBLP:journals/scp/JongmansKA17,
  author    = {Sung{-}Shik Jongmans and
               Tobias Kapp{\'{e}} and
               Farhad Arbab},
  title     = {Constraint automata with memory cells and their composition},
  journal   = {Sci. Comput. Program.},
  volume    = {146},
  pages     = {50--86},
  year      = {2017}
}

@article{DBLP:journals/mscs/Arbab04,
  author    = {Farhad Arbab},
  title     = {Reo: a channel-based coordination model for component composition},
  journal   = {Mathematical Structures in Computer Science},
  volume    = {14},
  number    = {3},
  pages     = {329--366},
  year      = {2004}
}

@article{DBLP:journals/fac/KokashKV12,
  author    = {Natallia Kokash and
               Christian Krause and
               Erik de Vink},
  title     = {{Reo + mCRL2: {A} framework for model-checking dataflow in service
               compositions}},
  journal   = {Formal Asp. Comput.},
  volume    = {24},
  number    = {2},
  pages     = {187--216},
  year      = {2012}
}

@inproceedings{DBLP:conf/tacas/JongmansA16,
  author    = {Sung{-}Shik Jongmans and
               Farhad Arbab},
  title     = {{PrDK: Protocol Programming with Automata}},
  booktitle = {{TACAS}},
  series    = {Lecture Notes in Computer Science},
  volume    = {9636},
  pages     = {547--552},
  publisher = {Springer},
  year      = {2016}
}

@article{DBLP:journals/scp/BaierSAR06,
  author    = {Christel Baier and
               Marjan Sirjani and
               Farhad Arbab and
               Jan J. M. M. Rutten},
  title     = {{Modeling component connectors in Reo by constraint automata}},
  journal   = {Sci. Comput. Program.},
  volume    = {61},
  number    = {2},
  pages     = {75--113},
  year      = {2006}
}

@article{DBLP:journals/corr/JongmansA16,
  author    = {Sung{-}Shik Jongmans and
               Farhad Arbab},
  title     = {Data optimizations for constraint automata},
  journal   = {Logical Methods in Computer Science},
  volume    = {12},
  number    = {3},
  year      = {2016}
}

@inproceedings{DBLP:conf/coordination/JongmansHA14,
  author    = {Sung{-}Shik Jongmans and
               Sean Halle and
               Farhad Arbab},
  title     = {{Automata-Based Optimization of Interaction Protocols for Scalable
               Multicore Platforms}},
  booktitle = {{COORDINATION}},
  series    = {Lecture Notes in Computer Science},
  volume    = {8459},
  pages     = {65--82},
  publisher = {Springer},
  year      = {2014}
}