@inproceedings{lambdacatch,
  author    = {\me{Robbert Krebbers}},
  title     = "{A call-by-value lambda-calculus with lists and control}",
  booktitle = {Classical Logic and Computation (CL{\&}C)},
  year      = {2012},
  pages     = {19--33},
  crossref  = {clc2012},
}

@proceedings{clc2012,
  editor    = {Herman Geuvers and Ugo de'Liguoro},
  title     = {Proceedings Fourth Workshop on Classical Logic and Computation},
  booktitle = {CL{\&}C},
  series    = {EPTCS},
  volume    = {97},
  year      = {2012},
}

@article{newman,
  author    = {Herman Geuvers and \me{Robbert Krebbers}},
  title     = "{The correctness of Newman's typability algorithm and some
               of its extensions}",
  journal   = {Theoretical Computer Science (TCS)},
  volume    = {412},
  number    = {28},
  year      = {2011},
  pages     = {3242--3261},
}

@inproceedings{exactreals,
  author    = {\me{Robbert Krebbers} and
               Bas Spitters},
  title     = "{Computer Certified Efficient Exact Reals in Coq}",
  booktitle = {Calculemus/MKM},
  year      = {2011},
  pages     = {90--106},
  crossref  = {mkm2011exactreals},
}

@proceedings{mkm2011exactreals,
  editor    = {James H. Davenport and William M. Farmer and Josef Urban and
               Florian Rabe},
  title     = {Intelligent Computer Mathematics - 18th Symposium, Calculemus
               2011, and 10th International Conference, MKM 2011, Bertinoro,
               Italy, July 18-23, 2011. Proceedings},
  booktitle = {Calculemus/MKM},
  series    = {LNCS},
  volume    = {6824},
  year      = {2011},
}

@inproceedings{formalin,
  author    = {\me{Robbert Krebbers} and Freek Wiedijk},
  title     = "{A Formalization of the C99 Standard in HOL, Isabelle and Coq}",
  booktitle = {Calculemus/MKM},
  year      = {2011},
  pages     = {301--303},
  crossref  = {mkm2011hack},
}

@proceedings{mkm2011hack,
  editor    = {James H. Davenport and William M. Farmer and Josef Urban and
               Florian Rabe},
  title     = {Intelligent Computer Mathematics - 18th Symposium, Calculemus
               2011, and 10th International Conference, MKM 2011, Bertinoro,
               Italy, July 18-23, 2011. Proceedings},
  booktitle = {Calculemus/MKM},
  series    = {LNCS},
  volume    = {6824},
  year      = {2011},
}

@inproceedings{gammainf,
  author    = {Herman Geuvers and \me{Robbert Krebbers} and James McKinna and
               Freek Wiedijk},
  title     = "{Pure Type Systems without Explicit Contexts}",
  booktitle = {Logical Frameworks and Meta-languages: Theory and Practice
               (LFMTP)},
  year      = {2010},
  pages     = {53--67},
  crossref  = {lfmtp2010},
}

@proceedings{lfmtp2010,
  editor    = {Karl Crary and Marino Miculan},
  title     = {Proceedings 5th International Workshop on Logical Frameworks
               and Meta-languages: Theory and Practice},
  booktitle = {LFMTP},
  series    = {EPTCS},
  volume    = {34},
  year      = {2010},
}

@mastersthesis{mastersthesis,
  author    = {\me{Robbert Krebbers}},
  title     = "{Classical logic, control calculi and data types}",
  year      = {2010},
  school    = {Radboud University Nijmegen},
}

@mastersthesis{bachelersthesis,
  author    = {\me{Robbert Krebbers}},
  title     = "{Uitdrukkingskracht van XML schema's (Expressiveness of XML schemata)}",
  year      = {2008},
  type      = "{Bachelor's thesis (in Dutch)}",
  school    = {Radboud University Nijmegen},
}

@article{lambdamuT,
  author    = {Herman Geuvers and \me{Robbert Krebbers} and James McKinna},
  title     = "{The \(\lambda\mu^{\mathbf T}\)-calculus}",
  journal   = {Annals of Pure Applied Logic (APAL)},
  volume    = {164},
  number    = {6},
  pages     = {676--701},
  year      = {2013},
}

@article{classesreals,
  author    = {\me{Robbert Krebbers} and Bas Spitters},
  title     = "{Type classes for efficient exact real arithmetic in Coq}",
  journal   = {Logical Methods in Computer Science (LMCS)},
  volume    = {9},
  number    = {1},
  year      = {2013},
  pages     = {1--27},
}

@inproceedings{nonlocal,
  author    = {\me{Robbert Krebbers} and Freek Wiedijk},
  title     = "{Separation Logic for Non-local Control Flow and Block Scope
               Variables}",
  booktitle = {FoSSaCS},
  year      = {2013},
  pages     = {257--272},
  series    = {LNCS},
  volume    = {7794},
}

@misc{cweird,
  author    = {\me{Robbert Krebbers} and Freek Wiedijk},
  title     = "{Subtleties of the ISO C standard}",
  year      = {2012},
  note      = {Note},
}

@misc{gammainfcoq,
  author    = {\me{Robbert Krebbers}},
  title     = "{A formalization of $\Gamma_\infty$ in Coq}",
  year      = {2010},
  note      = {Note},
}

@inproceedings{aliasing,
  author    = {\me{Robbert Krebbers}},
  title     = "{Aliasing Restrictions of C11 Formalized in Coq}",
  booktitle = {Certified Programs and Proofs (CPP)},
  year      = {2013},
  pages     = {50--65},
  crossref  = {cpp2013}
}

@proceedings{cpp2013,
  editor    = {Georges Gonthier and Michael Norrish},
  title     = {Certified Programs and Proofs - Third International Conference,
               CPP 2013, Melbourne, VIC, Australia, December 11-13, 2013,
               Proceedings},
  booktitle = {CPP},
  series    = {LNCS},
  volume    = {8307},
  year      = {2013}
}

@inproceedings{expressions,
  author    = {\me{Robbert Krebbers}},
  title     = "{An Operational and Axiomatic Semantics for Non-determinism
               and Sequence Points in C}",
  booktitle = {POPL},
  year      = {2014},
  pages     = {101--112},
}

@inproceedings{moessner,
  author    = {\me{Robbert Krebbers} and Louis Parlant and Alexandra Silva},
  title     = "{Moessner's Theorem: An Exercise in Coinductive Reasoning in Coq}",
  booktitle = {Theory and Practice of Formal Methods - Essays Dedicated to Frank
               de Boer on the Occasion of His 60th Birthday},
  pages     = {309--324},
  year      = {2016},
  crossref  = {deboer},
}

@proceedings{deboer,
  editor    = {Erika {\'{A}}brah{\'{a}}m and Marcello M. Bonsangue and
               Einar Broch Johnsen},
  title     = {Theory and Practice of Formal Methods - Essays Dedicated to Frank
               de Boer on the Occasion of His 60th Birthday},
  series    = {LNCS},
  volume    = {9660},
  year      = {2016},
}

@inproceedings{compcert,
  author    = {\me{Robbert Krebbers} and Xavier Leroy and Freek Wiedijk},
  title     = "{Formal C semantics: CompCert and the C standard}",
  booktitle = {Interactive Theorem Proving (ITP)},
  year      = {2014},
  pages     = {543--548},
  crossref  = {itp2014}
}

@proceedings{itp2014,
  editor    = {Gerwin Klein and Ruben Gamboa},
  title     = {Interactive Theorem Proving - 5th International Conference},
  booktitle = {ITP},
  series    = {LNCS},
  volume    = {8558},
  year      = {2014}
}

@inproceedings{separation,
  author    = {\me{Robbert Krebbers}},
  title     = "{Separation Algebras for {C} Verification in Coq}",
  booktitle = {Verified Software: Theories, Tools and Experiments (VSTTE)},
  pages     = {150--166},
  year      = {2014},
  crossref  = {vstte2014},
}

@proceedings{vstte2014,
  editor    = {Dimitra Giannakopoulou and
               Daniel Kroening},
  title     = {Verified Software: Theories, Tools and Experiments - 6th International
               Conference, {VSTTE} 2014, Vienna, Austria, July 17-18, 2014, Revised
               Selected Papers},
  series    = {LNCS},
  volume    = {8471},
  year      = {2014},
}

@inproceedings{interpreter,
  author    = {\me{Robbert Krebbers} and Freek Wiedijk},
  title     = {A Typed {C11} Semantics for Interactive Theorem Proving},
  booktitle = {Certified Programs and Proofs (CPP)},
  pages     = {15--27},
  year      = {2015},
  crossref  = {cpp2015},
}

@proceedings{cpp2015,
  editor    = {Xavier Leroy and Alwen Tiu},
  title     = {Proceedings of the 2015 Conference on Certified Programs and Proofs,
               {CPP} 2015, Mumbai, India, January 15-17, 2015},
  year      = {2015},
}

@article{memory,
  author    = {\me{Robbert Krebbers}},
  title     = "{A Formal C11 Memory Model for Separation Logic}",
  volume    = {57},
  number    = {4},
  pages     = {319--387},
  year      = {2016},
  journal   = {Journal of Automated Reasoning (JAR)},
}

@misc{mathclasses,
  author    = {\me{Robbert Krebbers} and Bas Spitters and Eelis van der Weegen},
  title     = {Math classes: a library of abstract interfaces for mathematical
               structures},
  year      = {2015},
  note      = {Available online at
               \url{https://github.com/math-classes/math-classes}}
}

@misc{corn,
  author    = {Henk Barendregt and Lu{\'i}s Cruz-Filipe and Herman Geuvers and
               Mariusz Giero and Rik van Ginneken and Dimitri Hendriks and
               Jelle Herold and S{\'e}bastien Hinderer and Cezary Kaliszyk and
               Bart Kirkels and \me{Robbert Krebbers} and Pierre Letouzey and
               Iris Loeb and Evgeny Makarov and Lionel Mamane and Milad Niqui
               and Russell O'Connor and Randy Pollack and Nickolay Shmyrev and
               Bas Spitters and Dan Synek and Eelis van der Weegen and
               Freek Wiedijk and Jan Zwanenburg},
  title     = "{CORN: the Coq Repository at Nijmegen}",
  year      = {2015},
  note      = {Available online at \url{http://corn.cs.ru.nl/}}
}

@misc{ch2o,
  author    = {\me{Robbert Krebbers} and Freek Wiedijk},
  title     = "{The CH\(_2\)O formalization}",
  year      = {2015},
  note      = {Available online at
               \url{http://robbertkrebbers.nl/research/ch2o/}},
}

@misc{iris,
  author    = {Ralf Jung and \me{Robbert Krebbers} and Jacques-Henri Jourdan and others} ,
  title     = "{The Coq formalization of Iris}",
  year      = {2018},
  note      = {Available online at
               \url{https://gitlab.mpi-sws.org/FP/iris-coq/}},
}

@misc{stdpp,
  author    = {\me{Robbert Krebbers} and others} ,
  title     = {Coq-std++: an extended standard library for {Coq}},
  year      = {2018},
  note      = {Available online at
               \url{https://gitlab.mpi-sws.org/robbertkrebbers/coq-stdpp/}},
}

@phdthesis{phdthesis,
  author      = {\me{Robbert Krebbers}},
  title       = "{The C standard formalized in Coq}",
  year        = {2015},
  school      = {Radboud University Nijmegen},
}

@misc{parma,
  author    = {\me{Robbert Krebbers} and Freek Wiedijk},
  title     = "{N1793: Stability of indeterminate values in C11}",
  year      = {2014},
  note      = "{Available online
                at~\url{http://open-std.org/jtc1/sc22/wg14/www/docs/n1793.pdf}}"
}

@inproceedings{iris2,
  author    = {Ralf Jung and \me{Robbert Krebbers} and Lars Birkedal and
               Derek Dreyer},
  title     = {Higher-order ghost state},
  booktitle = {ICFP},
  pages     = {256--269},
  year      = {2016},
}

@inproceedings{proofmode,
  author    = {\me{Robbert Krebbers} and
               Amin Timany and
               Lars Birkedal},
  title     = {Interactive proofs in higher-order concurrent separation logic},
  booktitle = {POPL},
  pages     = {205--217},
  year      = {2017},
}

@inproceedings{iris3,
  author    = {\me{Robbert Krebbers} and Ralf Jung and Ale\v{s} Bizjak and
               Jacques-Henri Jourdan and Derek Dreyer and Lars Birkedal},
  title     = "{The Essence of Higher-Order Concurrent Separation Logic}",
  year      = {2017},
  booktitle = "{ESOP}",
  pages     = {696--723},
  series    = {LNCS},
  volume    = {10201},
}

@misc{iris_ground_up,
  title     = {Iris from the ground up: {A} modular foundation for higher-order concurrent separation logic},
  author    = {Jung, Ralf and \me{Krebbers, Robbert} and Jourdan, Jacques-Henri and
               Bizjak, Ale{\v{s}} and Birkedal, Lars and Dreyer, Derek},
  year      = {2018},
  note      ={Accepted to Journal of Functional Programming (JFP)},
}

@article{rustbelt,
  author    = {Ralf Jung and Jacques-Henri Jourdan and \me{Robbert Krebbers} and Derek Dreyer},
  title     = {{RustBelt}: {Securing} the Foundations of the {Rust} Programming Language},
  journal   = {PACMPL},
  volume    = {2},
  pages     = {66:1--66:34},
  year      = {2018},
  number    = {{POPL}},
}

@article{autosound,
  author     = {Casper Bach Poulsen and Arjen Rouvoet and Andrew Tolmach and
                \me{Robbert Krebbers} and Eelco Visser},
  title      = {Intrinsically-Typed Definitional Interpreters for Imperative Languages},
  journal   = {{PACMPL}},
  volume    = {2},
  number    = {{POPL}},
  pages     = {16:1--16:34},
  year      = {2018},
}

@inproceedings{reloc,
  author    = {Dan Frumin and Robbert Krebbers and Lars Birkedal},
  title     = {ReLoC: {A} Mechanised Relational Logic for Fine-Grained Concurrency},
  booktitle = {LICS},
  pages     = {442--451},
  year      = {2018},
}

@article{mtac2,
  author    = {Jan-Oliver Kaiser and Beta Ziliani and Robbert Krebbers and
               Yann R\'egis-Gianas and Derek Dreyer},
  title     = {{Mtac2}: Typed Tactics for Backward Reasoning in {Coq}},
  journal   = {PACMPL},
  volume    = {2},
  pages     = {78:1--78:31},
  year      = {2018},
  number    = {ICFP},
}

@article{mosel,
  author    = {Robbert Krebbers and Jacques-Henri Jourdan and Ralf Jung and
                Joseph Tassarotti and Jan-Oliver Kaiser and Amin Timany and
                Arthur Chargu\'eraud and Derek Dreyer},
  title     = {{MoSeL}: A General, Extensible Modal Framework for Interactive Proofs in Separation Logic},
  journal   = {PACMPL},
  volume    = {2},
  pages     = {77:1--16:30},
  year      = {2018},
  number    = {ICFP},
}

@misc{iron,
  title     = "{Iron: Managing Obligations in Higher-Order Concurrent Separation Logic}",
  author    = {Bizjak, Ale{\v{s}} and Daniel Gratzer and \me{Krebbers, Robbert}
               and Birkedal, Lars},
  year      = {2018},
  note      ={Manuscript under submission},
}

@manual{coq,
  author = "{Coq Development Team}",
  title  = {The {Coq} Proof Assistant Reference Manual},
  year   = {2015},
  note   = {Available at \url{https://coq.inria.fr/doc/}}
}
