@String{PACMPL = {Proceedings of the ACM on Programming Languages}}
@String{OOPSLA = {Proceedings of Conference on Object-Oriented Programming, Systems, Languages, and Applications (OOPSLA)}}
@String{OOPSLACOMPANION = {Companion to Conference on Object-Oriented Programming, Systems, Languages, and Applications (OOPSLA)}}
@String{POPL = {Proceedings of Symposium on Principles of Programming Languages (POPL)}}
@String{GPCE = {Proceedings of Conference on Generative Programming: Concepts \& Experiences (GPCE)}}
@String{SLE = {Proceedings of Conference on Software Language Engineering (SLE)}}
@String{PEPM = {Proceedings of Workshop on Partial Evaluation and Program Manipulation (PEPM)}}
@String{PLDI = {Proceedings of Conference on Programming Language Design and Implementation (PLDI)}}
@String{ECOOP = {Proceedings of European Conference on Object-Oriented Programming (ECOOP)}}
@String{ICALP = {Proceedings of International Colloquium on Automata, Languages and Programming (ICALP)}}
@String{RTA = {Proceedings of Conference on Rewriting Techniques and Applications (RTA)}}
@String{ICSR = {Proceedings of International Conference on Software Reuse (ICSR)}}
@String{CC = {Proceedings of Conference on Compiler Construction (CC)}}
@String{SAIG = {Proceedings of Workshop on Semantics, Applications, and Implementation of Program Generation (SAIG)}}
@String{ICFP = {Proceedings of International Conference on Functional Programming (ICFP)}}
@String{LFP = {Proceedings of Conference on LISP and Functional Programming (LFP)}}
@String{ILC = {Proceedings of International Lisp Conference (ILC)}}
@String{RSE = {Proceedings of Workshop on Reflection and Software Engineering}}
@String{ECMDAFA = {Proceedings of European Conference on Model Driven Architecture -- Foundations and Applications (ECMDA-FA)}}
@String{MODELS = {Proceedings of Conference on Model Driven Engineering Languages and Systems (MoDELS)}}
@String{ETX = {Proceedings of Workshop on Eclipse Technology eXchange (ETX)}}
@String{ICSE = {Proceedings of International Conference on Software Engineering (ICSE)}}
@String{TOPLAS = {Transactions on Programming Languages and Systems (TOPLAS)}}
@String{SCAM = {Proceedings of Conference on Source Code Analysis and Manipulation (SCAM)}}
@String{TOSEM = {Transactions on Software Engineering Methodology (TOSEM)}}
@String{TOOLS = {Proceedings of Conference on Technology of Object-oriented Languages and Systems (TOOLS)}}
@String{FOOL = {Proceedings of Workshop on Foundations of Object-Oriented Languages}}
@String{WCRE = {Proceedings of Working Conference on Reverse Engineering (WCRE)}}
@String{HOPL = {Proceedings of Conference on History of Programming Languages (HOPL)}}
@String{LDTA = {Proceedings of Workshop on Language Descriptions, Tools and Applications (LDTA)}}
@String{GTTSE = {Proceedings of Summer School on Generative and Transformational Techniques in Software Engineering (GTTSE)}}
@String{GTTSEPRE = {Pre-proceedings of Summer School on Generative and Transformational Techniques in Software Engineering (GTTSE)}}
@String{FOSE = {Proceedings of Workshop on Future of Software Engineering (FOSE)}}
@String{GCSE = {Proceedings of Conference on Generative and Component-Based Software Engineering (GCSE)}}
@String{CACM = {Communication of the ACM}}
@String{TSE = {Transactions on Software Engineering (TSE)}}
@String{IFM = {Proceedings of Conference on Integrated Formal Methods (IFM)}}
@String{JFP = {Journal of Functional Programming}}
@String{ICGT = {Proceedings of International Conference on Graph Transformation (ICGT)}}
@String{HaskellWorkshop = {Proceedings of Haskell Workshop}}
@String{HaskellSymposium = {Proceedings of Haskell Symposium}}
@String{SPLC = {Proceedings of Software Product Line Conference (SPLC)}}
@String{FOSD = {Proceedings of Workshop on Feature-Oriented Software Development (FOSD)}}
@String{EDOC = {Proceedings of Proceedings of Enterprise Distributed Object Computing (EDOC)}}
@String{MODULARITY = {Proceedings of International Conference on Modularity (AOSD)}}
@String{ICMT = {Proceedings of International Conference on Model Transformations (ICMT)}}
@String{SCALA = {Proceedings of Scala Workshop}}
@String{GISE = {Proceedings of GI Fachtagung Software Engineering}}
@String{Onward = {Proceedings of Symposium on New Ideas, New Paradigms, and Reflections on Programming \& Software (Onward)}}
@String{COMLAN = {Computer Languages, Systems and Structures (COMLAN)}}
@String{LIVE = {Proceedings of Workshop on Live Programming Systems}}

@InProceedings{ErdwegO10,
        author =       {Sebastian Erdweg and Klaus Ostermann},
        title =        {Featherweight {TeX} and Parser Correctness},
        booktitle =    SLE,
        shortvenue = {SLE},
        year =         {2010},
        series =       {LNCS},
        volume =       {6563},
        publisher =    {Springer},
        pages = {397--416},
  rank = {3},
      }

@inproceedings{ErdwegRKO11,
  author =    {Sebastian Erdweg and Tillmann Rendel and
               Christian K{\"a}stner and Klaus Ostermann},
  title =     {{SugarJ}: Library-based Syntactic Language Extensibility},
  booktitle = OOPSLA,
  shortvenue = {OOPSLA},
  publisher = {ACM},
  year =      {2011},
  pages = {391--406},
  rank = {1},
  selected = {true},
}

@InProceedings{ErdwegKRKOV11,
  author =    {Sebastian Erdweg and Lennart C. L. Kats and Tillmann Rendel and
               Christian K\"astner and Klaus Ostermann and Eelco Visser},
  title =     {Growing a Language Environment with Editor Libraries},
  year =      {2011},
  booktitle = GPCE,
  shortvenue = {GPCE},
  publisher = {ACM},
  pages = {167--176},
  rank = {3},
}

@InProceedings{ErdwegKRKOV11a,
  author =    {Sebastian Erdweg and Lennart C. L. Kats and Tillmann Rendel and
               Christian K\"astner and Klaus Ostermann and Eelco Visser},
  title =     {Library-based Model-driven Software Development with {SugarJ}},
  year =      {2011},
  booktitle = OOPSLACOMPANION,
  shortvenue = {OOPSLA},
  publisher = {ACM},
  pages = {17--18},
}

@InProceedings{ErdwegKRKOV11b,
  author =    {Sebastian Erdweg and Lennart C. L. Kats and Tillmann Rendel and
               Christian K\"astner and Klaus Ostermann and Eelco Visser},
  title =     {{SugarJ}: Library-based Language Extensibility},
  year =      {2011},
  booktitle = OOPSLACOMPANION,
  shortvenue = {OOPSLA},
  publisher = {ACM},
  pages = {187--188},
}

 @inproceedings{ErdwegGR12,
    author =    {Sebastian Erdweg and Paolo G. Giarrusso and Tillmann Rendel},
    title =     {Language Composition Untangled},
    booktitle = LDTA,
    shortvenue = {LDTA},
    year =      {2012},
    pdf = {http://www.informatik.uni-marburg.de/~seba/publications/languagecomposition.pdf},
  pages     = {7:1--7:8},
  publisher = {ACM},
  rank = {3},
  selected = {true},
}

@inproceedings{ErdwegRRO12,
    author =    {Sebastian Erdweg and Felix Rieger and Tillmann Rendel and Klaus Ostermann},
    title =     {Layout-sensitive Language Extensibility with {SugarHaskell}},
    booktitle = HaskellSymposium,
    shortvenue = {Haskell},
    year = {2012},
    publisher = {ACM},
    pages     = {149--160},
    pdf = {http://sugarj.org/sugarhaskell.pdf},
  rank = {4},
}

@inproceedings{ErdwegRKO12,
    author =    {Sebastian Erdweg and Tillmann Rendel and
                Christian K{\"a}stner and Klaus Ostermann},
    title =     {Layout-sensitive Generalized Parsing},
    booktitle = SLE,
    shortvenue = {SLE},
    year = {2012},
    publisher = {Springer},
  pages     = {244--263},
  series    = {LNCS},
  volume    = {7745},
    pdf = {http://sugarj.org/layout-parsing.pdf},
  rank = {3},
}

@INPROCEEDINGS{KaestnerOE12,
  AUTHOR = {Christian K{\"a}stner and Klaus Ostermann and Sebastian Erdweg},
  TITLE = {A Variability-Aware Module System},
  BOOKTITLE = OOPSLA,
  shortvenue = {OOPSLA},
  PUBLISHER = {ACM},
  YEAR = {2012},
  pages = {773--792},
  rank = {1},
  selected = {true},
}

@INPROCEEDINGS{KaestnerGREOB11,
  AUTHOR = {Christian K{\"a}stner and Paolo G. Giarrusso and Tillmann Rendel and Sebastian Erdweg and Klaus Ostermann and Thorsten Berger},
  TITLE = {Variability-Aware Parsing in the Presence of Lexical Macros and Conditional Compilation},
  BOOKTITLE = OOPSLA,
  shortvenue = {OOPSLA},
  PAGES = {805--824},
  PUBLISHER = {ACM},
  YEAR = {2011},
  PDF = {http://www.informatik.uni-marburg.de/~kaestner/oopsla11_typechef.pdf},
  rank = {1},
  selected = {true},
}

@INPROCEEDINGS{ThuemKES11,
  AUTHOR = {Thomas Th{\"u}m and Christian K{\"a}stner and Sebastian Erdweg and Norbert Siegmund},
  TITLE = {Abstract Features in Feature Modeling},
  BOOKTITLE = SPLC,
  shortvenue = {SPLC},
  YEAR = {2011},
  PUBLISHER = {IEEE},
  URL = {http://www.informatik.uni-marburg.de/~kaestner/SPLC11_af.pdf},
  PAGES = {191-200}
}

@inproceedings{KaestnerREPARO12,
  author = {Christian K{\"a}stner and Alexander von Rhein and Sebastian Erdweg and Jonas Pusch and Sven Apel and Tillmann Rendel and Klaus Ostermann},
  title = {Toward Variability-Aware Testing},
  booktitle = FOSD,
  shortvenue = {FOSD},
  year = {2012},
  pages = {1--8},
  publisher = {ACM},
}

@phdthesis{Erdweg13thesis,
  title = {Extensible Languages for Flexible and Principled Domain Abstraction},
  author = {Sebastian Erdweg},
  year = {2013},
  school = {Philipps-Universi{\"a}t Marburg},
  shortvenue = {PUM},
}

@inproceedings{Erdweg13a,
  author =       {Sebastian Erdweg},
  title =        {Embedding a Questionnaire {DSL} with {SugarJ}},
  booktitle = {Language Workbench Challenge},
  shortvenue = {LWC},
  year =      {2013},
}

@inproceedings{ErdwegL13,
  author =       {Sebastian Erdweg and Florian Lorenzen},
  title =        {Modular and Automated Type-Soundness Verification for Language Extensions (extended abstract)},
  booktitle = {Proceedings of Workshop on Scalable Language Specification (SLS)},
  shortvenue = {SLS},
  year =      {2013},
}

@inproceedings{AlyCEM13,
  author =       {Mohamed Aly and Anis Charfi and Sebastian Erdweg and Mira Mezini},
  title =        {{XPoints}: Extension Interfaces for Multilayered Applications},
  booktitle = EDOC,
  shortvenue = {EDOC},
  year =      {2013},
  pages = {237--246},
  publisher={IEEE},
  rank = {3},
}

@inproceedings{LorenzenE13,
  author =       {Florian Lorenzen and Sebastian Erdweg},
  title =        {Modular and Automated Type-Soundness Verification for Language Extensions},
  booktitle = ICFP,
  shortvenue = {ICFP},
  year =      {2013},
  pages = {331--342},
  publisher = {ACM},
  rank = {1},
  selected = {true},
}

@inproceedings{ErdwegSV13,
  author = {Sebastian Erdweg and Tijs van der Storm and Markus V\"{o}lter and Meinte Boersma and Remi Bosman and William R. Cook and Albert Gerritsen and Angelo Hulshout and Steven Kelly and Alex Loh and Gabri\"{e}l Konat and Pedro J. Molina and Martin Palatnik and Risto Pohjonen and Eugen Schindler and Klemens Schindler and Riccardo Solmi and Vlad Vergu and Eelco Visser and Kevin van der Vlist and Guido Wachsmuth and Jimi van der Woning},
  title = {The State of the Art in Language Workbenches},
  booktitle = SLE,
  shortvenue = {SLE},
  year = {2013},
  series = {LNCS},
  volume = {8225},
  publisher = {Springer},
  pages = {197--217},
  rank = {3},
  selected = {true},
}

@inproceedings{FehrenbachEK13,
  author = {Stefan Fehrenbach and Sebastian Erdweg and Klaus Ostermann},
  title = {Software Evolution to Domain-Specific Languages},
  booktitle = SLE,
  shortvenue = {SLE},
  year = {2013},
  series = {LNCS},
  volume = {8225},
  publisher = {Springer},
  pages = {96--116},
  rank = {3},
}

@inproceedings{MartinME13,
  author = {Marko Martin and Mira Mezini and Sebastian Erdweg},
  title = {Template Constructors for Reusable Object Initialization},
  booktitle = GPCE,
  shortvenue = {GPCE},
  year = {2013},
  publisher = {ACM},
  pages = {43--52},
  rank = {3},
}

@inproceedings{ErdwegR13,
  author = {Sebastian Erdweg and Felix Rieger},
  title = {A Framework for Extensible Languages},
  booktitle = GPCE,
  shortvenue = {GPCE},
  year = {2013},
  publisher = {ACM},
  pages = {3--12},
  rank = {3},
}

@inproceedings{ErdwegVMV14,
  author = {Sebastian Erdweg and Vlad Vergu and Mira Mezini and Eelco Visser},
  title = {Modular Specification and Dynamic Enforcement of Syntactic Language Constraints},
  booktitle = MODULARITY,
  shortvenue = {Modularity},
  year = {2014},
  publisher = {ACM},
  pages ={241--252},
  rank = {2},
}

@inproceedings{ErdwegSD14,
  author = {Sebastian Erdweg and Tijs van der Storm and Yi Dai},
  title = {Capture-Avoiding and Hygienic Program Transformations},
  booktitle = ECOOP,
  shortvenue = {ECOOP},
  year = {2014},
  publisher = {Springer},
  pages = {489--514},
  selected = {true},
  rank = {2},
}

@inproceedings{ValderaSE14,
  author    = {Pablo Inostroza Valdera and Tijs van der Storm and Sebastian Erdweg},
  title     = {Tracing Model Transformations with String Origins},
  booktitle = ICMT,
  shortvenue = {ICMT},
  year      = {2014},
  publisher = {Springer},
  pages = {154--169},
  rank = {3},
}

@inproceedings{WeielMEEM14,
  author = {Manuel Weiel and Ingo Maier and Sebastian Erdweg and Michael Eichberg and Mira Mezini},
  title = {Towards Virtual Traits in {Scala}},
  booktitle = SCALA,
  shortvenue = {SCALA},
  year = {2014},
  publisher = {ACM},
  pages = {67--75},
}

@inproceedings{MitschkeEKMS14,
  author =    {Ralf Mitschke and Sebastian Erdweg and Mirko K\"{o}hler and
               Mira Mezini and Guido Salvaneschi},
  title =     {{i3QL}: Language-Integrated Live Data Views},
  booktitle = OOPSLA,
  shortvenue = {OOPSLA},
  publisher = {ACM},
  year =      {2014},
  pages = {417--432},
  rank = {1},
  selected = {true},
}

@article{ErdwegFO14,
  author    = {Sebastian Erdweg and
               Stefan Fehrenbach and
               Klaus Ostermann},
  title     = {Evolution of Software Systems with Extensible Languages and {DSLs}},
  journal   = {IEEE Software},
  shortvenue   = {Software},
  year      = {2014},
  volume = {31},
  number = {5},
  pages = {68--75},
  selected = {true},
}

@inproceedings{ErdwegSD15,
  author = {Sebastian Erdweg and Tijs van der Storm and Yi Dai},
  title = {Capture-Avoiding Program Transformations with name-fix},
  booktitle = GISE,
  shortvenue = {SE},
  year = {2015},
  pages = {93--94},
  publisher = {GI},
}

@article{ErdwegEPV15,
  author =	{Sebastian Erdweg and Martin Erwig and Richard F. Paige and Eelco Visser},
  title =	{Domain-Specific Languages ({Dagstuhl Seminar} 15062)},
  pages =	{26--43},
  journal =	{Dagstuhl Reports},
  shortvenue =  {Dagstuhl},
  year =	{2015},
  volume =	{5},
  number =	{2},
}

@inproceedings{GreweEM15,
  author = {Sylvia Grewe and Sebastian Erdweg and Mira Mezini},
  title = {Using Vampire in Soundness Proofs of Type Systems},
  booktitle = {Proceedings of Vampire Workshop},
  shortvenue = {Vampire},
  year = {2015},
  pages = {33--51},
  publisher={EPiC},
}

@inproceedings{GreweEWM15,
  author = {Sylvia Grewe and Sebastian Erdweg and Pascal Wittmann and Mira Mezini},
  title = {Type Systems for the Masses: Deriving Soundness Proofs and Efficient Checkers},
  booktitle = Onward,
  shortvenue = {Onward},
  year = {2015},
  publisher={ACM},
  pages={137--150},
  rank = {4},
}

@inproceedings{ArztNABEM15,
  author = {Steven Arzt and Sarah Nadi and Karim Ali and Eric Bodden and Sebastian Erdweg and Mira Mezini},
  title = {Towards Secure Integration of Cryptographic Software},
  booktitle = Onward,
  shortvenue = {Onward},
  year = {2015},
  publisher={ACM},
  pages={1--13},
  rank = {4},
}

@inproceedings{ErdwegLW15,
  author = {Sebastian Erdweg and Moritz Lichter and Manuel Weiel},
  title = {A Sound and Optimal Incremental Build System with Dynamic Dependencies},
  booktitle = OOPSLA,
  shortvenue = {OOPSLA},
  year = {2015},
  publisher={ACM},
  pages={89--106},
  selected = {true},
  rank = {1},
}

@inproceedings{ErdwegBKKM15,
  author = {Sebastian Erdweg and Oliver Bra\v{c}evac and Edlira Kuci and Matthias Krebs and Mira Mezini},
  title = {A Co-contextual Formulation of Type Rules and Its Application to Incremental Type Checking},
  booktitle = OOPSLA,
  shortvenue = {OOPSLA},
  year = {2015},
  publisher={ACM},
  pages={880--897},
  rank = {1},
  selected = {true},
}

@inproceedings{RitschelE15,
  author = {Nico Ritschel and Sebastian Erdweg},
  title = {Modular Capture Avoidance for Program Transformations},
  booktitle = SLE,
  shortvenue = {SLE},
  year = {2015},
  publisher={ACM},
  pages={59--70},
  rank = {3},
}


@article{ErdwegSVT15,
	Author = {Sebastian Erdweg and Tijs van der Storm and Markus V{\"o}lter and Laurence Tratt and Remi Bosman and William R. Cook and Albert Gerritsen and Angelo Hulshout and Steven Kelly and Alex Loh and Gabri{\"e}l Konat and Pedro J. Molina and Martin Palatnik and Risto Pohjonen and Eugen Schindler and Klemens Schindler and Riccardo Solmi and Vlad Vergu and Eelco Visser and Kevin van der Vlist and Guido Wachsmuth and Jimi van der Woning},
  journal =	COMLAN,
  shortvenue =  {COMLAN},
	Pages = {24--47},
	Title = {Evaluating and comparing language workbenches: Existing results and benchmarks for the future},
	Url = {http://www.sciencedirect.com/science/article/pii/S1477842415000573},
	Volume = {44, Part A},
	Year = {2015},
  selected = {true},
}
%	Note = {Special issue on the 6th and 7th International Conference on Software Language Engineering (SLE 2013 and \{SLE\} 2014)},

@inproceedings{LorenzenE16,
  author = {Florian Lorenzen and Sebastian Erdweg},
  title = {Sound Type-Dependent Syntactic Language Extension},
  booktitle = POPL,
  shortvenue = {POPL},
  year = {2016},
  publisher = {ACM},
  pages = {204--216},
  selected = {true},
  rank = {1},
}

@inproceedings{BracevacESM16,
  author = {Oliver Bra\v{c}evac and Sebastian Erdweg and Guido Salvaneschi and Mira Mezini},
  title = {{CPL}: A Core Language for Cloud Computing},
  booktitle = MODULARITY,
  shortvenue = {Modularity},
  year = {2016},
  publisher = {ACM},
  pages = {94--105},
  rank = {2},
}

@inproceedings{KonatEV16,
  author = {Gabri\"{e}l Konat and Sebastian Erdweg and Eelco Visser},
  title = {Toward Live Language Development},
  booktitle = LIVE,
  shortvenue = {LIVE},
  year = {2016},
}

@inproceedings{GreweEM16,
  author = {Sylvia Grewe and Sebastian Erdweg and Mira Mezini},
  title = {Automating Proof Steps of Progress Proofs: Comparing {Vampire} and {Dafny}},
  booktitle = {Proceedings of Vampire Workshop},
  shortvenue = {Vampire},
  year = {2016},
  publisher={EPiC},
}

@inproceedings{GreweERM16,
  author = {Sylvia Grewe and Sebastian Erdweg and Michael Raulf and Mira Mezini},
  title = {Exploration of Language Specifications by Compilation to First-Order Logic},
  booktitle = {Proceedings of Conference on Principles and Practice of Declarative Programming (PPDP)},
  shortvenue = {PPDP},
  year = {2016},
  publisher={ACM},
  rank = {3},
}

@inproceedings{SzaboAVE16,
  author = {Tam\'{a}s Szab\'{o} and Simon Alperovich and Markus V\"{o}lter and Sebastian Erdweg},
  title = {An Extensible Framework for Variable-Precision Data-Flow Analyses in {MPS}},
  booktitle = {Proceedings of International Conference on Automated Software Engineering (ASE)},
  shortvenue = {ASE},
  year = {2016},
  publisher={ACM},
  rank = {2},
}

@inproceedings{SzaboEV16,
  author = {Tam\'{a}s Szab\'{o} and Sebastian Erdweg and Markus V\"{o}lter},
  title = {{IncA}: A {DSL} for the Definition of Incremental Program Analyses},
  booktitle = {Proceedings of International Conference on Automated Software Engineering (ASE)},
  shortvenue = {ASE},
  year = {2016},
  publisher={ACM},
  rank = {2},
  selected = {true},
}

@inproceedings{VoelterSLKEB16,
  author = {Markus V\"{o}lter and Tam\'{a}s Szab\'{o} and Sascha Lisson and Bernd Kolb and Sebastian Erdweg and Thorsten Berger},
  title = {Efficient Development of Consistent Projectional Editors using Grammar Cells},
  booktitle = SLE,
  shortvenue = {SLE},
  year = {2016},
  publisher={ACM},
  rank = {3},
}

@inproceedings{SouzaEWV16,
  author = {Lu\'is Eduardo de Souza Amorim and Sebastian Erdweg and Guido Wachsmuth and Eelco Visser},
  title = {Principled Syntactic Code Completion using Placeholders},
  booktitle = SLE,
  shortvenue = {SLE},
  year = {2016},
  publisher={ACM},
  rank = {3},
}

@inproceedings{KeidelPE16,
  author = {Sven Keidel and Wulf Pfeiffer and Sebastian Erdweg},
  title = {The {IDE} Portability Problem and its Solution in {Monto}},
  booktitle = SLE,
  shortvenue = {SLE},
  year = {2016},
  publisher={ACM},
  rank = {3},
}

@inproceedings{KonatEV16a,
  author = {Gabri\"{e}l Konat and Sebastian Erdweg and Eelco Visser},
  title = {Bootstrapping Domain-Specific Meta-Languages in Language Workbenches},
  booktitle = GPCE,
  shortvenue = {GPCE},
  year = {2016},
  publisher={ACM},
  rank = {3},
}

@inproceedings{KonatAEV16,
  author =       {Gabri\"{e}l Konat and Lu\'is Eduardo de Souza Amorim and Sebastian Erdweg and Eelco Visser},
  title =        {Bootstrapping, Default Formatting, and Skeleton Editing in the {Spoofax Language Workbench}},
  booktitle = {Language Workbench Challenge},
  shortvenue = {LWC},
  year =      {2016},
  rank = {4},
}



@article{DemetrescuEHK16,
  author    = {Camil Demetrescu and
               Sebastian Erdweg and
               Matthew A. Hammer and
               Shriram Krishnamurthi},
  title     = {Programming Language Techniques for Incremental and Reactive Computing
               ({Dagstuhl Seminar} 16402)},
  journal   = {Dagstuhl Reports},
  shortvenue = {Dagstuhl},
  volume    = {6},
  number    = {10},
  pages     = {1--12},
  year      = {2016},
}



@article{ErdwegO17,
  author    = {Sebastian Erdweg and
               Klaus Ostermann},
  title     = {A Module-System Discipline for Model-Driven Software Development},
  journal   = {Art, Science, and Engineering of Programming},
  shortvenue = {Programming},
  volume    = {1},
  number  = {2},
  year      = {2017},
}

@inproceedings{KuciEBBM17,
  author = {Edlira Kuci and Sebastian Erdweg and Oliver Bra\v{c}evac and Andi Bejleri and Mira Mezini},
  title = {A Co-contextual Type Checker for {Featherweight Java}},
  booktitle = ECOOP,
  shortvenue = {ECOOP},
  year = {2017},
  rank = {1},
  selected = {true},
}

@inproceedings{SzaboVE17,
  author = {Tam\'{a}s Szab\'{o} and Markus V\"{o}lter and Sebastian Erdweg},
  title = {{IncAL}: A {DSL} for Incremental Program Analysis with Lattices},
  booktitle = {International Workshop on Incremental Computing (IC)},
  shortvenue = {IC},
  year = {2017},
  rank = {4},
}

@inproceedings{KoehlerHEMS17,
  author = {Mirko K\"ohler and Philipp Haller and Sebastian Erdweg and Mira Mezini and Guido Salvaneschi},
  title = {Privacy-aware Distributed Incremental Computation},
  booktitle = {International Workshop on Incremental Computing (IC)},
  shortvenue = {IC},
  year = {2017},
  rank = {4},
}



@inproceedings{KeidelE17,
  author = {Sven Keidel and Sebastian Erdweg},
  title = {Toward Abstract Interpretation of Program Transformations},
  booktitle = {International Workshop on Meta-Programming Techniques and Reflection},
  shortvenue = {META},
  year = {2017},
  rank = {4},
  publisher={ACM},
  pages = {1--5}
}

@article{GreweEPRM18,
  author    = {Sylvia Grewe and Sebastian Erdweg and André Pacak and Michael Raulf and Mira Mezini},
  title     = {Exploration of Language Specifications by Compilation to
      First-Order Logic (extended version)},
  journal   = {Science of Computer Programming},
  shortvenue   = {SCP},
  year      = {2018},
  volume    = {155},
  number  = {},
}

@article{KonatSEV18,
  author    = {Gabriël Konat and Michael J. Steindorfer and Sebastian Erdweg and Eelco Visser},
  title     = {{PIE}: A Domain-Specific Language for Interactive Software Development Pipelines},
  journal   = {Art, Science, and Engineering of Programming},
  shortvenue = {Programming},
  volume    = {2},
  number  = {3},
  year      = {2018},
}

@article{BracevacASEEM18,
  author = {Oliver Bračevac and Nada Amin and Guido Salvaneschi and Sebastian Erdweg and Patrick Eugster and Mira Mezini},
  title = {Versatile Event Correlation with Algebraic Effects},
  journal = PACMPL,
  volume = {2},
  number = {ICFP},
  shortvenue = {ICFP},
  year = {2018},
  rank = {1},
  publisher = {ACM},
  selected = {true},
}

@article{KeidelB18,
  author = {Sven Keidel and Casper Bach Poulsen and Sebastian Erdweg},
  title = {Compositional Soundness Proofs of Abstract Interpreters},
  journal = PACMPL,
  volume = {2},
  number = {ICFP},
  shortvenue = {ICFP},
  year = {2018},
  rank = {1},
  publisher = {ACM},
  selected = {true},
}

@inproceedings{SzaboKBME18,
  author = {Tam\'{a}s Szab\'{o} and Edlira Kuci and Matthijs Bijman and Mira Mezini and Sebastian Erdweg},
  title = {Incremental Overload Resolution in Object-Oriented Programming Languages},
  booktitle = {International Workshop on Formal Techniques for Java-like Programs},
  shortvenue = {FTfJP},
  year = {2018},
  rank = {4},
  publisher={ACM},
}

@inproceedings{GreweEPM18,
  author = {Sylvia Grewe and Sebastian Erdweg and Andr\'{e} Pacak and Mira Mezini},
  title = {An Infrastructure for Combining Domain Knowledge with Automated Theorem Provers (System Description)},
  booktitle = {Proceedings of Conference on Principles and Practice of Declarative Programming (PPDP)},
  shortvenue = {PPDP},
  year = {2018},
  publisher={ACM},
  rank = {3},
}


@article{SzaboBVE18,
  author = {Tam\'{a}s Szab\'{o} and G\'{a}bor Bergmann and Markus V\"{o}lter and Sebastian Erdweg},
  title = {Incrementalizing Lattice-Based Program Analyses},
  journal = PACMPL,
  number = {OOPSLA},
  shortvenue = {OOPSLA},
  year = {2018},
  rank = {1},
  publisher = {ACM},
  selected = {true},
}

@inproceedings{KonatEV18,
  author = {Gabriël Konat and Sebastian Erdweg and Eelco Visser},
  title = {Scalable Incremental Building with Dynamic Task Dependencies},
  booktitle = {Proceedings of International Conference on Automated Software Engineering (ASE)},
  shortvenue = {ASE},
  year = {2018},
  publisher={ACM},
  rank = {1},
  selected = {true},
}
